% Encoding: UTF-8
@article{Fakhoury2019,
  author={Fakhoury, Sarah and Roy, Devjeet and Hassan, Adnan and Arnaoudova, Vernera},
  booktitle={2019 IEEE/ACM 27th International Conference on Program Comprehension (ICPC)}, 
  title={Improving Source Code Readability: Theory and Practice}, 
  year={2019},
  volume={},
  number={1},
  pages={2-12},
  keywords={Readability;Code Quality metrics;Developers perception},
  doi={10.1109/ICPC.2019.00014}}



@article{Mastropaolo2023,
author={Mastropaolo, Antonio
and Aghajani, Emad
and Pascarella, Luca
and Bavota, Gabriele},
title={Automated variable renaming: are we there yet?},
journal={Empirical Software Engineering},
year={2023},
month={Feb},
day={14},
volume={28},
number={2},
pages={45},
abstract={},
issn={1573-7616},
doi={10.1007/s10664-022-10274-8},
url={https://doi.org/10.1007/s10664-022-10274-8}
}

  
@article{Tufano2015,
  author={Tufano, Michele and Palomba, Fabio and Bavota, Gabriele and Oliveto, Rocco and Di Penta, Massimiliano and De Lucia, Andrea and Poshyvanyk, Denys},
  booktitle={2015 IEEE/ACM 37th IEEE International Conference on Software Engineering}, 
  title={When and Why Your Code Starts to Smell Bad}, 
  year={2015},
  volume={1},
  number={2},
  pages={403-414},
  keywords={Measurement;Software;Ecosystems;History;Androids;Humanoid robots;Maintenance engineering;bad code smells;mining software repositories;empirical study},
  doi={10.1109/ICSE.2015.59}}
  


@article{Sedano2016,
  author={Sedano, Todd},
  booktitle={2016 IEEE 29th International Conference on Software Engineering Education and Training (CSEET)}, 
  title={Code Readability Testing, an Empirical Study}, 
  year={2016},
  volume={},
  number={},
  pages={111-117},
  abstract={}, keywords={Testing;Software;Programming profession;Writing;Software engineering;Computers},
  doi={10.1109/CSEET.2016.36},
  ISSN={2377-570X},
  month={April},}

@article{Oliviera2020,
  author={Oliveira, Delano and Bruno, Reydne and Madeiral, Fernanda and Castor, Fernando},
  booktitle={2020 IEEE International Conference on Software Maintenance and Evolution (ICSME)}, 
  title={Evaluating Code Readability and Legibility: An Examination of Human-centric Studies}, 
  year={2020},
  volume={},
  number={},
  pages={348-359},
  abstract={},
  keywords={Software maintenance;Systematics;Bibliographies;Taxonomy;Programming;Task analysis;Software engineering;Code readability;code legibility;code understandability;code understanding;program comprehension},
  doi={10.1109/ICSME46990.2020.00041},
  ISSN={2576-3148},
  month={Sep.},
}

@article{Travares2020,
author = {Tavares, Cleiton and Bigonha, Mariza and Figueiredo, Eduardo},
title = {Analyzing the Impact of Refactoring on Bad Smells},
year = {2020},
number = {3},
isbn = {9781450387538},
publisher = {Association for Computing Machinery},
address = {New York, NY, USA},
url = {https://doi.org/10.1145/3422392.3422408},
doi = {10.1145/3422392.3422408},
abstract = {},
booktitle = {Proceedings of the XXXIV Brazilian Symposium on Software Engineering},
pages = {97–101},
numpages = {5},
keywords = {Bad Smell, Impacts of Refactoring, Refactoring},
location = {, Natal, Brazil, },
series = {SBES '20}
}

@inproceedings{Besker2018,
author = {Besker, Terese and Martini, Antonio and Bosch, Jan},
title = {Technical debt cripples software developer productivity: a longitudinal study on developers' daily software development work},
year = {2018},
isbn = {9781450357135},
publisher = {Association for Computing Machinery},
address = {New York, NY, USA},
url = {https://doi.org/10.1145/3194164.3194178},
doi = {10.1145/3194164.3194178},
abstract = {},
booktitle = {Proceedings of the 2018 International Conference on Technical Debt},
pages = {105–114},
numpages = {10},
keywords = {wasted time, technical debt, software productivity, software development, longitudinal study, empirical study},
location = {Gothenburg, Sweden},
series = {TechDebt '18}
}

@article{Vitale2023,
  author={Vitale, Antonio and Piantadosi, Valentina and Scalabrino, Simone and Oliveto, Rocco},
  booktitle={2023 38th IEEE/ACM International Conference on Automated Software Engineering (ASE)}, 
  title={Using Deep Learning to Automatically Improve Code Readability}, 
  year={2023},
  volume={},
  number={5},
  pages={573-584},
  keywords={Deep learning;Codes;Source coding;Manuals;Predictive models;Maintenance engineering;History;code readability;large language models;t5},
  doi={10.1109/ASE56229.2023.00112}}


@article{Scalabrino2018,
author = {Scalabrino, Simone and Linares-Vásquez, Mario and Oliveto, Rocco and Poshyvanyk, Denys},
title = {A comprehensive model for code readability},
journal = {Journal of Software: Evolution and Process},
volume = {30},
number = {6},
pages = {e1958},
keywords = {code readability, quality warning prediction, textual analysis},
doi = {https://doi.org/10.1002/smr.1958},
url = {https://onlinelibrary.wiley.com/doi/abs/10.1002/smr.1958},
eprint = {https://onlinelibrary.wiley.com/doi/pdf/10.1002/smr.1958},
note = {e1958 smr.1958},
abstract = {},
year = {2018},
}
  
@article{Rios2018,
author = {Rios, Nicolli and Sp\'{\i}nola, Rodrigo Oliveira and Mendon\c{c}a, Manoel and Seaman, Carolyn},
title = {The most common causes and effects of technical debt: first results from a global family of industrial surveys},
year = {2018},
isbn = {9781450358231},
publisher = {Association for Computing Machinery},
address = {New York, NY, USA},
url = {https://doi.org/10.1145/3239235.3268917},
doi = {10.1145/3239235.3268917},
abstract = {},
booktitle = {Proceedings of the 12th ACM/IEEE International Symposium on Empirical Software Engineering and Measurement},
articleno = {39},
numpages = {10},
keywords = {technical debt effects, technical debt causes, technical debt, survey, family of surveys},
location = {Oulu, Finland},
series = {ESEM '18}
} 

@article{Piantadosi2020,
author={Piantadosi, Valentina
and Fierro, Fabiana
and Scalabrino, Simone
and Serebrenik, Alexander
and Oliveto, Rocco},
title={How does code readability change during software evolution?},
journal={Empirical Software Engineering},
year={2020},
month={Nov},
day={01},
volume={25},
number={6},
pages={5374-5412},
abstract={},
issn={1573-7616},
doi={10.1007/s10664-020-09886-9},
url={https://doi.org/10.1007/s10664-020-09886-9}
}
